@incollection{peled1999black,
  title={Black box checking},
  author={Peled, Doron and Vardi, Moshe Y and Yannakakis, Mihalis},
  booktitle={Formal Methods for Protocol Engineering and Distributed Systems},
  pages={225--240},
  year={1999},
  publisher={Springer}
}
@inproceedings{groce2002adaptive,
  title={Adaptive model checking},
  author={Groce, Alex and Peled, Doron and Yannakakis, Mihalis},
  booktitle={International Conference on Tools and Algorithms for the Construction and Analysis of Systems},
  pages={357--370},
  year={2002},
  organization={Springer}
}
@inproceedings{cobleigh2003learning,
  title={Learning assumptions for compositional verification},
  author={Cobleigh, Jamieson M and Giannakopoulou, Dimitra and P{\u{a}}s{\u{a}}reanu, Corina S},
  booktitle={International Conference on Tools and Algorithms for the Construction and Analysis of Systems},
  pages={331--346},
  year={2003},
  organization={Springer}
}
@article{chaki2008verification,
  title={Verification of evolving software via component substitutability analysis},
  author={Chaki, Sagar and Clarke, Edmund and Sharygina, Natasha and Sinha, Nishant},
  journal={Formal Methods in System Design},
  volume={32},
  number={3},
  pages={235--266},
  year={2008},
  publisher={Springer}
}

@article{pacharoen2013active,
  title={Active learning of nondeterministic finite state machines},
  author={Pacharoen, Warawoot and Aoki, Toshiaki and Bhattarakosol, Pattarasinee and Surarerks, Athasit},
  journal={Mathematical Problems in Engineering},
  volume={2013},
  year={2013},
  publisher={Hindawi}
}


@article{nerode1958linear,
  title={Linear automaton transformations},
  author={Nerode, Anil},
  journal={Proceedings of the American Mathematical Society},
  volume={9},
  number={4},
  pages={541--544},
  year={1958},
  publisher={JSTOR}
}

@inproceedings{ho1995random,
  title={Random decision forests},
  author={Ho, Tin Kam},
  booktitle={Proceedings of 3rd international conference on document analysis and recognition},
  volume={1},
  pages={278--282},
  year={1995},
  organization={IEEE}
}

@book{goodfellow2016deep,
  title={Deep learning},
  author={Goodfellow, Ian and Bengio, Yoshua and Courville, Aaron},
  year={2016},
  publisher={MIT press}
}